@inproceedings{Carlson10towardan,
  author = {Andrew Carlson and Justin Betteridge and Bryan Kisiel and Burr Settles and Estevam R. Hruschka and Tom M. Mitchell},
  title = {Toward an architecture for never-ending language learning},
  booktitle = {In AAAI},
  year = {2010}
}
@article{dbpedia-swj,
  author = {Lehmann, Jens and Isele, Robert and Jakob, Max and Jentzsch, Anja and Kontokostas, Dimitris and Mendes, Pablo N. and Hellmann, Sebastian and Morsey, Mohamed and van Kleef, Patrick and Auer, S{\"{o}}ren and Bizer, Christian},
  citeulike-article-id = {12926176},
  journal = {Semantic Web Journal},
  keywords = {information\_extraction, nlp, semantic\_web},
  posted-at = {2014-01-17 22:49:05},
  priority = {2},
  title = {{DBpedia} - A Large-scale, Multilingual Knowledge Base Extracted from Wikipedia},
  year = {2014}
}
@inproceedings{Biemann:2006:CWE:1654758.1654774,
  author = {Biemann, Chris},
  title = {Chinese Whispers: An Efficient Graph Clustering Algorithm and Its Application to Natural Language Processing Problems},
  booktitle = {Proceedings of the First Workshop on Graph Based Methods for Natural Language Processing},
  series = {TextGraphs-1},
  year = {2006},
  pages = {73--80},
  numpages = {8},
  url = {http://dl.acm.org/citation.cfm?id=1654758.1654774},
  acmid = {1654774},
  publisher = {Association for Computational Linguistics},
  address = {Stroudsburg, PA, USA},
}

